<record xmlns="http://www.loc.gov/MARC21/slim">
   <leader>02312cam a2200457 a 4500</leader>
   <controlfield tag="001">6736151</controlfield>
   <controlfield tag="005">20141110183858.0</controlfield>
   <controlfield tag="006">m     o  d        </controlfield>
   <controlfield tag="007">cr cnu---unuuu</controlfield>
   <controlfield tag="008">141011s2015    nju     of    000 0 eng d</controlfield>
   <datafield ind1=" " ind2=" " tag="020">
      <subfield code="a">9781118968291</subfield>
      <subfield code="q">electronic bk.</subfield>
   </datafield>
   <datafield ind1=" " ind2=" " tag="020">
      <subfield code="a">1118968298</subfield>
      <subfield code="q">electronic bk.</subfield>
   </datafield>
   <datafield ind1=" " ind2=" " tag="020">
      <subfield code="a">9781118968284</subfield>
      <subfield code="q">electronic bk.</subfield>
   </datafield>
   <datafield ind1=" " ind2=" " tag="020">
      <subfield code="a">111896828X</subfield>
      <subfield code="q">electronic bk.</subfield>
   </datafield>
   <datafield ind1=" " ind2=" " tag="035">
      <subfield code="a">ocn892798973</subfield>
   </datafield>
   <datafield ind1=" " ind2=" " tag="037">
      <subfield code="a">FC3751D5-792C-45B8-A92E-EA8028AB042A</subfield>
      <subfield code="b">OverDrive, Inc.</subfield>
      <subfield code="n">http://www.overdrive.com</subfield>
   </datafield>
   <datafield ind1=" " ind2=" " tag="039">
      <subfield code="a">exclude</subfield>
   </datafield>
   <datafield ind1=" " ind2=" " tag="040">
      <subfield code="a">EBLCP</subfield>
      <subfield code="b">eng</subfield>
      <subfield code="c">EBLCP</subfield>
      <subfield code="d">N$T</subfield>
      <subfield code="d">TEFOD</subfield>
      <subfield code="d">E7B</subfield>
      <subfield code="d">AEU</subfield>
   </datafield>
   <datafield ind1=" " ind2="4" tag="050">
      <subfield code="a">GV1469.35.M535</subfield>
   </datafield>
   <datafield ind1=" " ind2="7" tag="072">
      <subfield code="a">GAM</subfield>
      <subfield code="x">001000</subfield>
      <subfield code="2">bisacsh</subfield>
   </datafield>
   <datafield ind1="0" ind2="4" tag="082">
      <subfield code="a">794.8</subfield>
      <subfield code="2">22</subfield>
   </datafield>
   <datafield ind1=" " ind2=" " tag="090">
      <subfield code="a">Internet Access</subfield>
      <subfield code="b">AOAC</subfield>
   </datafield>
   <datafield ind1="1" ind2=" " tag="100">
      <subfield code="a">Stay, Jesse.</subfield>
   </datafield>
   <datafield ind1="1" ind2="0" tag="245">
      <subfield code="a">Minecraft recipes for dummies</subfield>
      <subfield code="h">[electronic resource] /</subfield>
      <subfield code="c">by Jesse Stay and Thomas Stay.</subfield>
   </datafield>
   <datafield ind1=" " ind2=" " tag="250">
      <subfield code="a">Portable edition</subfield>
   </datafield>
   <datafield ind1=" " ind2=" " tag="260">
      <subfield code="a">Hoboken :</subfield>
      <subfield code="b">Wiley,</subfield>
      <subfield code="c">2015.</subfield>
   </datafield>
   <datafield ind1=" " ind2=" " tag="300">
      <subfield code="a">1 online resource (227 p.)</subfield>
   </datafield>
   <datafield ind1=" " ind2=" " tag="336">
      <subfield code="a">text</subfield>
      <subfield code="b">txt</subfield>
      <subfield code="2">rdacontent</subfield>
   </datafield>
   <datafield ind1=" " ind2=" " tag="337">
      <subfield code="a">computer</subfield>
      <subfield code="b">c</subfield>
      <subfield code="2">rdamedia</subfield>
   </datafield>
   <datafield ind1=" " ind2=" " tag="338">
      <subfield code="a">online resource</subfield>
      <subfield code="b">cr</subfield>
      <subfield code="2">rdacarrier</subfield>
   </datafield>
   <datafield ind1=" " ind2=" " tag="500">
      <subfield code="a">Description based upon print version of record.</subfield>
   </datafield>
   <datafield ind1=" " ind2=" " tag="506">
      <subfield code="a">Access restricted to authorized users and institutions.</subfield>
   </datafield>
   <datafield ind1=" " ind2=" " tag="520">
      <subfield code="a">A quick, handy reference on Minecraft recipes Want to find resources, make a shelter, craft tools, armor, and weapons, and protect yourself from monsters with Minecraft recipes? You''ve come to the right place! In a handy, portable edition that''s packed with step-by-step instructions, Minecraft Recipes For Dummies makes it easy to look up the required items and figure out which blocks you need to gather to create each item. You''ll get recipes for weapons, armor, transportation, mechanism, food, dye, wool, and brewing, as well as information on enchanting, repairing, gathering, farming, effic.</subfield>
   </datafield>
   <datafield ind1="0" ind2=" " tag="588">
      <subfield code="a">Print version record.</subfield>
   </datafield>
   <datafield ind1=" " ind2=" " tag="596">
      <subfield code="a">33</subfield>
   </datafield>
   <datafield ind1=" " ind2="0" tag="650">
      <subfield code="a">Minecraft (Game)</subfield>
      <subfield code="v">Handbooks, manuals, etc.</subfield>
   </datafield>
   <datafield ind1=" " ind2="0" tag="650">
      <subfield code="a">Video games</subfield>
      <subfield code="v">Handbooks, manuals, etc.</subfield>
   </datafield>
   <datafield ind1="1" ind2=" " tag="700">
      <subfield code="a">Stay, Thomas.</subfield>
   </datafield>
   <datafield ind1="4" ind2="0" tag="856">
      <subfield code="3">Olds College Access</subfield>
      <subfield code="u">http://search.ebscohost.com/login.aspx?direct=true&amp;scope=site&amp;db=nlebk&amp;db=nlabk&amp;AN=859929</subfield>
   </datafield>
   <datafield ind1=" " ind2=" " tag="949">
      <subfield code="h">UAIN</subfield>
      <subfield code="m">OLDS</subfield>
      <subfield code="z">NETLIBOLDS</subfield>
   </datafield>
   <datafield ind1=" " ind2=" " tag="926">
      <subfield code="a">Internet Access</subfield>
      <subfield code="w">LC</subfield>
      <subfield code="c">1</subfield>
      <subfield code="i">6736151-1001</subfield>
      <subfield code="l">INTERNET</subfield>
      <subfield code="m">OLDS</subfield>
      <subfield code="r">Y</subfield>
      <subfield code="s">Y</subfield>
      <subfield code="t">E-RESOURCE</subfield>
      <subfield code="u">11/17/2014</subfield>
      <subfield code="x">E-BOOK</subfield>
      <subfield code="z">EBSCOOLDP</subfield>
   </datafield>
</record>
